@misc{pep8,
  title="PEP 8 - Style Guide for Python Code",
  url="http://legacy.python.org/dev/peps/pep-0008/"
}


@misc{linux_man_capabilities,
  title = "Linux Programmer's Manual - Overview of Linux Capabilities",
  url = "http://man7.org/linux/man-pages/man7/capabilities.7.html"
}


@Misc{html5,
title = {HTML 5 Nightly Draf},
howpublished = {\url{http://www.w3.org/html/wg/drafts/html/master/Overview.html}}
}


@Misc{css,
title = {Cascading Style Sheets Snapshot 2010},
howpublished = {\url{http://www.w3.org/TR/CSS/}}
}

@Misc{javascript,
author = "Wikipedia",
   title = "JavaScript --- Wikipedia{,} The Free Encyclopedia",
   year = "2014",
   url = "http://en.wikipedia.org/w/index.php?title=JavaScript&oldid=605304642",
   note = "[Online; accessed 22-April-2014]"
}

@Misc{jquery,
title = {jQuery -- write less, do more},
howpublished = {\url{http://jquery.com/}}
}


@Misc{cron,
   author = "Wikipedia",
   title = "Cron --- Wikipedia{,} The Free Encyclopedia",
   year = "2014",
   url = "http://en.wikipedia.org/w/index.php?title=Cron&oldid=604984586",
   note = "[Online; accessed 22-April-2014]"
}

@Misc{forja,
title = { JoseMarente's GitHub - Repositorio de Sitic},
howpublished = {\url{https://github.com/jmarente/sitic}}
}

@Misc{draw.io,
title = {draw.io, a free online diagram drawing application},
howpublished = {\url{http://draw.io}}
}

@Misc{virtualenv,
title = {VirtualEnv, a tool to create isolated Python environments},
howpublished = {\url{http://www.virtualenv.org/}}
}

@Misc{virtualenvwrapper,
title = {VirtualEnvWrapper, a set of extensions to VirtualEnv},
howpublished = {\url{http://virtualenvwrapper.readthedocs.org/}}
}

@Misc{pip,
title = {pip, a tool for installing Python packages},
howpublished = {\url{http://www.pip-installer.org/}}
}

@Misc{git,
title = {Git, a distributed version control system},
howpublished = {\url{http://git-scm.com/}}
}

@Misc{python,
title = {Python, the official website},
howpublished = {\url{https://www.python.org/}}
}
